<record xmlns="http://www.loc.gov/MARC21/slim" xmlns:xsi="http://www.w3.org/2001/XMLSchema-instance" xsi:schemaLocation="http://www.loc.gov/MARC21/slim http://www.loc.gov/standards/marcxml/schema/MARC21slim.xsd">

  <leader>00712nam a2200169Ia 4500</leader>
  <datafield tag="090" ind2=" " ind1=" ">
    <subfield code="a">CD #31</subfield>
  </datafield>
  <datafield ind1=" " ind2=" " tag="111">
    <subfield code="a">Curso Interdisciplinario en derechos humanos [20° : 2002 : San José, Costa Rica]</subfield>
  </datafield>
  <datafield ind2=" " tag="245" ind1=" ">
    <subfield code="a">Educación en derechos humanos [disco compacto]</subfield>
  </datafield>
  <datafield ind1=" " ind2=" " tag="260">
    <subfield code="a">San José, Costa Rica : </subfield>
    <subfield code="b">Instituto Interamericano de Derechos Humanos, </subfield>
    <subfield code="c">2002</subfield>
  </datafield>
  <datafield ind1=" " tag="300" ind2=" ">
    <subfield code="a">Disco compacto</subfield>
  </datafield>
  <datafield tag="500" ind2=" " ind1=" ">
    <subfield code="a">Curso dedicado a Rodolfo E. Piza Escalante Contiene: 1. Guía informativa 2. Discursos inaugurales 3. Ponencias  4.Lista de participantes y obsevadores 5. Otros documentos 6. Imágenes del XX curso.</subfield>
  </datafield>
  <datafield ind2=" " tag="650" ind1=" ">
    <subfield code="a">DERECHOS HUMANOS</subfield>
  </datafield>
  <datafield ind2=" " tag="650" ind1=" ">
    <subfield code="a">EDUCACION</subfield>
  </datafield>
  <datafield tag="650" ind2=" " ind1=" ">
    <subfield code="a">SEMINARIOS</subfield>
  </datafield>
  <datafield ind1=" " ind2=" " tag="942">
    <subfield code="p">00628 </subfield>
  </datafield>
  <datafield ind1=" " ind2=" " tag="942">
    <subfield code="p">00628 </subfield>
  </datafield>
  <datafield ind1=" " tag="999" ind2=" ">
    <subfield code="c">2496</subfield>
    <subfield code="d">2496</subfield>
  </datafield>
</record>